<?xml version="1.0" encoding="UTF-8"?><collection xmlns="http://www.loc.gov/MARC21/slim"><record><leader>00743nam--2200205-i-4500</leader><controlfield tag="001">000013630</controlfield><controlfield tag="002">20161230</controlfield><controlfield tag="005">20161230201030</controlfield><controlfield tag="008">060222s1000------------r-----000-0-eng-d</controlfield><datafield ind1=" " ind2=" " tag="020"><subfield code="a">0306381184</subfield></datafield><datafield ind1=" " ind2=" " tag="040"><subfield code="a">IFIN-HH</subfield></datafield><datafield ind1=" " ind2=" " tag="080"><subfield code="a">537.531</subfield></datafield><datafield ind1="1" ind2=" " tag="100"><subfield code="a">Pickles, William L</subfield></datafield><datafield ind1="1" ind2="0" tag="245"><subfield code="a">Advances in x-ray analysis</subfield><subfield code="b">Volume 18. proceedings of the twenty-third annual conference on applications of x-ray analysis held in denver august 7-9, 1974</subfield><subfield code="c">William l. pickles, charles s. barrett, john b. newkirk, clayton o. ruud (eds.)</subfield></datafield><datafield ind1=" " ind2=" " tag="260"><subfield code="a">New York</subfield><subfield code="b">Plenum Press, Inc</subfield><subfield code="c">1975</subfield></datafield><datafield ind1=" " ind2=" " tag="300"><subfield code="a">642P</subfield></datafield><datafield ind1=" " ind2=" " tag="490"><subfield code="a">Advances In X-ray Analysis. Proceedings</subfield></datafield><datafield ind1="1" ind2=" " tag="700"><subfield code="a">Ruud, Clayton O</subfield><subfield code="e">Ed</subfield></datafield><datafield ind1=" " ind2=" " tag="852"><subfield code="a">15913</subfield><subfield code="c">537.531</subfield></datafield><datafield ind1=" " ind2=" " tag="CAT"><subfield code="a">Sys</subfield><subfield code="c">20110808</subfield><subfield code="h">163421</subfield></datafield></record></collection>